@misc{1,
    author    = "Neal Stephenson",
    title     = "CRYPTONOMICON",
    publisher = "Avalon",
    year      = "1999",
    howpublished = "\url{https://www.nealstephenson.com/cryptonomicon.html}"
}

@misc{2,
    author    = "Nick Szabo",
    title     = "Shelling Out: The Origins of Money",
    year      = "2002",
    howpublished = "\url{https://nakamotoinstitute.org/shelling-out}"
}

@misc{3,
    author    = "Satoshi Nakamoto",
    title     = "Bitcoin: A Peer-to-Peer Electronic Cash System",
    year      = "2008",
    howpublished = "\url{https://bitcoin.org/bitcoin.pdf}"
}

@misc{4,
    author    = "Shehar Bano et al.",
    title     = "SoK: Consensus in the Age of Blockchains",
    year      = "2017",
    howpublished = "\url{https://arxiv.org/abs/1711.03936}"
}

@misc{5,
    author    = "Yining Hu et al.",
    title     = "Blockchain-based Smart Contracts — Applications and Challenges",
    year      = "2019",
    howpublished = "\url{https://arxiv.org/abs/1810.04699}"
}

@misc{6,
    author    = "Daniel J. Bernstein et al.",
    title     = "High-speed high-security signatures",
    year      = "2011",
    howpublished = "\url{https://ed25519.cr.yp.to/ed25519-20110926.pdf}"
}

@misc{7,
    author    = "Taher ElGamal",
    title     = "A Public-Key Cryptosystem and a Signature Scheme Based on Discrete Logarithms",
    year      = "1985",
    howpublished = "\url{http://caislab.kaist.ac.kr/lecture/2010/spring/cs548/basic/B02.pdf}"
}

@misc{8,
    author    = "Benedikt Bünz et al.",
    title     = "Bulletproofs: Short Proofs for Confidential Transactions and More",
    year      = "2017",
    howpublished = "\url{https://crypto.stanford.edu/bulletproofs}"
}

@misc{9,
    author    = "Yu Chen et al.",
    title     = "PGC: Pretty Good Confidential Transaction System with Accountability",
    year      = "2019",
    howpublished = "\url{https://eprint.iacr.org/2019/319}"
}

@misc{10,
    author    = "Team Rocket et al.",
    title     = "Scalable and Probabilistic Leaderless BFT Consensus through Metastability",
    year      = "2019",
    howpublished = "\url{https://arxiv.org/abs/1906.08936}"
}

@misc{11,
    author    = "Adam Back",
    title     = "Hashcash — A Denial of Service Counter-Measure",
    year      = "2002",
    howpublished = "\url{http://www.hashcash.org/papers/hashcash.pdf}"
}

@misc{12,
    author    = "Dan Boneh et al.",
    title     = "Balloon Hashing: A Memory-Hard Function Providing Provable Protection Against Sequential Attacks",
    year      = "2016",
    howpublished = "\url{https://crypto.stanford.edu/balloon}"
}
